<?xml version="1.0" encoding="UTF-8"?>
<record xmlns="http://www.loc.gov/MARC21/slim" xmlns:xsi="http://www.w3.org/2001/XMLSchema-instance" xsi:schemaLocation="http://www.loc.gov/MARC21/slim http://www.loc.gov/standards/marcxml/schema/MARC21slim.xsd">
<leader>     nam a2200265   4500</leader>
<controlfield tag="001">001567444</controlfield>
<controlfield tag="003">NNU</controlfield>
<controlfield tag="005">20061010173120.0</controlfield>
<controlfield tag="008">991112s1968    iq c          000 0carar</controlfield>
<datafield tag="010" ind1=" " ind2=" ">
<subfield code="a">77251781</subfield>
</datafield>
<datafield tag="035" ind1="9" ind2=" ">
<subfield code="a">NYUb12067631</subfield>
</datafield>
<datafield tag="035" ind1=" " ind2=" ">
<subfield code="a">(NNU)NYUb12067631</subfield>
</datafield>
<datafield tag="035" ind1=" " ind2=" ">
<subfield code="a">(CStRLIN)NYUG99-B2724</subfield>
</datafield>
<datafield tag="040" ind1=" " ind2=" ">
<subfield code="a">DLC</subfield>
<subfield code="c">TU</subfield>
<subfield code="d">TU</subfield>
<subfield code="d">CU</subfield>
<subfield code="d">NBiSU</subfield>
<subfield code="d">NNU</subfield>
</datafield>
<datafield tag="050" ind1="0" ind2=" ">
<subfield code="a">BP192.8</subfield>
<subfield code="b">.K37 1968</subfield>
</datafield>
<datafield tag="050" ind1=" " ind2="4">
<subfield code="a">BP192.8</subfield>
<subfield code="b">.K37 1968</subfield>
</datafield>
<datafield tag="066" ind1=" " ind2=" ">
<subfield code="c">(3</subfield>
</datafield>
<datafield tag="090" ind1=" " ind2=" ">
<subfield code="a">BP192.8</subfield>
<subfield code="b">.K37 1968</subfield>
</datafield>
<datafield tag="100" ind1="1" ind2=" ">
<subfield code="a">Kāẓimī, Muḥammad Mahdī,</subfield>
<subfield code="d">1901 or 2-</subfield>
</datafield>
<datafield tag="245" ind1="1" ind2="0">
<subfield code="a">Aḥsan al-wadīʻah fī tarājim mashāhīr mujtahidī al-Shīʻah :</subfield>
<subfield code="b">Kitāb yabḥath ʻan āthārihim wa-maʼāthirihim wa-yabhath ʻan marākiz al-ʻilm lil-Shīʻah, aw tatmīm rawḍāt al-jinnāt, muzdānan bi-rusūm man ʻatharnā ʻalā rasmih /</subfield>
<subfield code="c">taʼlīf Muḥammad Mahdī al-Mūsawī al-Iṣfahānī al-Kāẓimī.</subfield>
</datafield>
<datafield tag="246" ind1="1" ind2="4">
<subfield code="a">Ahsan al-wadiah fee taragem mashahir mojtahedi al-Sheah</subfield>
</datafield>
<datafield tag="250" ind1=" " ind2=" ">
<subfield code="a">al-Ṭabʻah 2.</subfield>
</datafield>
<datafield tag="260" ind1=" " ind2=" ">
<subfield code="a">al-Najaf :</subfield>
<subfield code="b">al-Maṭbʻah al-Haydarīyah,</subfield>
<subfield code="c">1968.</subfield>
</datafield>
<datafield tag="300" ind1=" " ind2=" ">
<subfield code="a">2 v. in 1 (24, 370 p.) :</subfield>
<subfield code="b">ports. ;</subfield>
<subfield code="c">25 cm.</subfield>
</datafield>
<datafield tag="650" ind1=" " ind2="0">
<subfield code="a">Shiites</subfield>
<subfield code="v">Biography.</subfield>
</datafield>
<datafield tag="OWN" ind1=" " ind2=" ">
<subfield code="a">GENERAL</subfield>
</datafield>
<datafield tag="998" ind1=" " ind2=" ">
<subfield code="e">uhol</subfield>
<subfield code="n">NNU</subfield>
<subfield code="s">1</subfield>
<subfield code="t">c</subfield>
<subfield code="z">e</subfield>
</datafield>
<datafield tag="AVA" ind1=" " ind2=" ">
<subfield code="a">NYU50</subfield>
<subfield code="b">BOBST</subfield>
<subfield code="c">Main Collection</subfield>
<subfield code="d">BP192.8 .K37 1968</subfield>
<subfield code="e">unavailable</subfield>
<subfield code="t">Unavailable</subfield>
<subfield code="f">1</subfield>
<subfield code="g">1</subfield>
<subfield code="h">N</subfield>
<subfield code="i">2</subfield>
<subfield code="j">MAIN</subfield>
<subfield code="k">0</subfield>
</datafield>
</record>
